@book{trzylekcje,
  author    = {Wiesław Śródka},
  title     = {Trzy lekcje metody elementów skończonych},
  publisher = {Oficyna Wydawnicza Politechniki Wrocławskiej},
  year      = {2004},
  url       = {valhttps://www.dbc.wroc.pl/Content/970/PDF/srodka_trzy_lekcje.pdfe},
}

@article{montecarlo,
  author    = {Nicholas Metropolis},
  title     = {The beginning of the Monte Carlo method},
  journal   = {Los Alamos Science},
  year      = {1987},
  note      = {Wydanie specjalne dedykowane Stanisławowi Ulamowi},
  pages     = {125--130},
}

@online{python,
  title = {Python},
  url = {https://www.python.org/doc/essays/blurb},
}

@online{opensees,
  title = {OpenSees},
  url = {https://opensees.berkeley.edu},
}

@online{openseespy,
  title = {OpenSeesPy},
  url = {https://openseespydoc.readthedocs.io},
}

@online{opsvis,
  title = {OpsVis},
  url = {https://opsvis.readthedocs.io},
}

@online{scipy,
  title = {SciPy},
  url = {https://scipy.org},
}

@online{numpy,
  title = {NumPy},
  url = {https://numpy.org},
}

@online{matplotlib,
  title = {MatPlotLib},
  url = {https://matplotlib.org},
}

@online{gauss,
  title = {Rozkład Normalny},
  url = {https://en.wikipedia.org/wiki/Normal_distribution},
}