@online{python,
  url = {https://www.python.org/doc/essays/blurb},
}

@online{opensees,
url    = {https://opensees.berkeley.edu},
}

@online{openseespy,
url    = {https://openseespydoc.readthedocs.io},
}

@online{opsvis,
url    = {https://opsvis.readthedocs.io},
}

@online{scipy,
url    = {https://scipy.org},
}

@online{numpy,
url    = {https://numpy.org},
}

@online{matplotlib,
url    = {https://matplotlib.org},
}
